@preamble{ "\newcommand{\noopsort}[1]{} " }


@article{2sigma,
	title={The 2 sigma problem: The search for methods of group instruction as effective as one-to-one tutoring},
	author={Bloom, Benjamin S},
	journal={Educational researcher},
	volume={13},
	number={6},
	pages={4--16},
	year={1984},
	publisher={Sage Publications Sage CA: Thousand Oaks, CA}
}

@article{machine_learning1,
	title={Is Over Practice Necessary?-Improving Learning Efficiency with the Cognitive Tutor through Educational Data Mining.},
	author={Cen, Hao and Koedinger, Kenneth R and Junker, Brian},
	journal={Frontiers in Artificial Intelligence and Applications},
	volume={158},
	pages={511},
	year={2007},
	publisher={IOS Press}
}

@inproceedings{machine_learning2,
	title={Human-machine student model discovery and improvement using DataShop},
	author={Stamper, John and Koedinger, Kenneth},
	booktitle={Artificial intelligence in education},
	pages={353--360},
	year={2011},
	organization={Springer}
}

@article{equation,
	title={A measurement model for a complex cognitive skill},
	author={Draney, Karen L and Pirolli, Peter and Wilson, Mark},
	journal={Cognitively diagnostic assessment},
	pages={103--125},
	year={1995}
}